% OBS! Kildene vises bare i kilde listen hvis det er minst én referanse til den i dokumentet.



% Eksempel på nettsidekilde

 @phdthesis{aune_2017,
  title={Behaviour and Modelling of Flexible Structures Subjected to Blast Loading},
  author={Aune, Vegard}, year={2017},
  school={Norwegian University of Science and Technology}
} 

 @article{granum,
  author  = {Granum,H. and Morin,D. and Børvik,T. and Hopperstad, O.S.},
  title   = "Simulation of blast-loaded aluminium plates with crack-like defects",
  journal = "MekIT 19",
  year    = 2019,
}